<?xml version="1.0" encoding="UTF-8"?><collection xmlns="http://www.loc.gov/MARC21/slim"><record><leader>00446nam--2200133-i-4500</leader><controlfield tag="001">000031747</controlfield><controlfield tag="002">20161230</controlfield><controlfield tag="005">20161230201038</controlfield><controlfield tag="008">060222s1000------------r-----000-0-eng-d</controlfield><datafield ind1=" " ind2=" " tag="080"><subfield code="a">621.375.82</subfield></datafield><datafield ind1=" " ind2=" " tag="100"><subfield code="a">Lionnet, Roger</subfield></datafield><datafield ind1=" " ind2=" " tag="245"><subfield code="a">Structure hyperfine de la raie 3-3 de l`ammoniac. etude theorique de sa resolution par un maser a 2 cavites. these</subfield></datafield><datafield ind1=" " ind2=" " tag="260"><subfield code="a">Besancon, Faculte Des Sciences De L`Universite De Besancon, 1968. 61p</subfield></datafield><datafield ind1=" " ind2=" " tag="852"><subfield code="a">33565</subfield></datafield></record></collection>